<record xmlns="http://www.loc.gov/MARC21/slim" xmlns:xsi="http://www.w3.org/2001/XMLSchema-instance" xsi:schemaLocation="http://www.loc.gov/MARC21/slim http://www.loc.gov/standards/marcxml/schema/MARC21slim.xsd"><leader>00760cz   2200169n  4500</leader><controlfield tag="001">oca03157852 </controlfield><controlfield tag="005">20020607092149.0</controlfield><controlfield tag="008">920423n| acannaabn          |a aaa      </controlfield><datafield ind1=" " ind2=" " tag="010"><subfield code="a">n  92044943 </subfield></datafield><datafield ind1=" " ind2=" " tag="040"><subfield code="a">DLC</subfield><subfield code="b">eng</subfield><subfield code="c">DLC</subfield><subfield code="d">OCoLC</subfield><subfield code="d">DLC</subfield></datafield><datafield ind1="1" ind2=" " tag="100"><subfield code="a">Festus, Sextus Pompeius,</subfield><subfield code="d">2nd cent.</subfield></datafield><datafield ind1="1" ind2=" " tag="400"><subfield code="a">Pompeius Festus, Sextus,</subfield><subfield code="d">2nd cent.</subfield></datafield><datafield ind1="1" ind2=" " tag="400"><subfield code="a">Festo,</subfield><subfield code="d">2nd cent.</subfield></datafield><datafield ind1=" " ind2=" " tag="670"><subfield code="a">His M. Verrij Flacci quae extant et Sex. Pompei Festi De verborum significatione libri XX, 1593:</subfield><subfield code="b">t.p. (Sex. Pompei Festi ...)</subfield></datafield><datafield ind1=" " ind2=" " tag="670"><subfield code="a">LC PA classification schedule</subfield><subfield code="b">(Festus, Sextus Pompeius, 2d century C.E.; ref. from Pompeius Festus, Sextus)</subfield></datafield><datafield ind1=" " ind2=" " tag="670"><subfield code="a">Der kleine Pauly</subfield><subfield code="b">(Festus, Sextus Pompeius; grammarian of 2nd cent.)</subfield></datafield><datafield ind1=" " ind2=" " tag="670"><subfield code="a">Il Festo farnesiano (Cod. Neapol. IV.A.3) c2001.</subfield></datafield></record>